@article{Mazonka2016,
	abstract = {â€”This paper presents a step by step introduction to what blockchain is and how it works.},
	author = {Mazonka, Oleg},
	file = {:D$\backslash$:/Users/gciatto/Cloud/OneDrives/OneDrive - Alma Mater Studiorum Universit{\`{a}} di Bologna/Biblioteca/2016/Blockchain Simple Explanation - Mazonka.pdf:pdf},
	keywords = {Bitcoin,Blockchain,Cryptocurrency.,Hashchain},
	mendeley-groups = {Blockchain and cryptocurrencies},
	pages = {1--3},
	title = {{Blockchain : Simple Explanation}},
	year = {2016}
}
